@book{butcher2003numerical,
  title={Numerical Methods for Ordinary Differential Equations},
  author={Butcher, John C.},
  year={2003},
  publisher={John Wiley \& Sons}
}
